@article{Ulyssea2010,
title = "Regulation of entry, labor market institutions and the informal sector",
journal = "Journal of Development Economics",
volume = "91",
number = "1",
pages = "87 - 99",
year = "2010",
issn = "0304-3878",
doi = "https://doi.org/10.1016/j.jdeveco.2009.07.001",
url = "http://www.sciencedirect.com/science/article/pii/S0304387809000686",
author = "Gabriel Ulyssea",
keywords = "Informal sector, Institutions, Labor market"
}
